%% This BibTeX bibliography file was created using BibDesk.
%% http://bibdesk.sourceforge.net/

%% Created for Felix Rau at 2016-09-20 16:16:06 +0200 


%% Saved with string encoding Unicode (UTF-8) 



@book{ap90,
	Address = {Poona},
	Author = {Apte, Vaman Shivaram},
	Date-Added = {2016-09-20 14:09:28 +0000},
	Date-Modified = {2016-09-20 14:16:06 +0000},
	Publisher = {Shiralkar},
	Title = {The practical {Sanskrit}-{English} dictionary},
	Year = {1890}}

@book{yat,
	Address = {Calcutta},
	Author = {Yates, William},
	Date-Added = {2016-09-20 13:40:14 +0000},
	Date-Modified = {2016-09-20 13:43:15 +0000},
	Publisher = {The Baptist Mission Press},
	Title = {A dictionary in {Sanscrit and} {English}, designed for the use of private students and of Indian colleges and schools },
	Year = {1846}}

@book{shs,
	Address = {Calcutta},
	Author = {J{\=\i}v{\=a}nanda Vidy{\=a}s{\=a}gara},
	Date-Added = {2016-09-20 13:35:56 +0000},
	Date-Modified = {2016-09-20 13:35:56 +0000},
	Publisher = {Calcutta Press},
	Title = {Shabda-sagara, or a comprehensive {Sanskrit}-{English} lexicon : chiefly based on Professor {Horace} {Hayman} {Wilsons} {Sanskrit}-{English} dictionary and compiled from various recent authorities for the use of schools and colleges},
	Year = {1900}}

@book{wil,
	Address = {Calcutta},
	Author = {Wilson, Horace H.},
	Date-Added = {2016-09-20 13:19:23 +0000},
	Date-Modified = {2016-09-20 13:25:11 +0000},
	Edition = {2. ed., greatly extended},
	Publisher = {Education Press},
	Title = {A dictionary in {Sanscrit} and {English}},
	Year = {1832}}

@book{stc,
	Address = {Paris},
	Author = {Stchoupak, Nadine and Nitti-Dolchi, Luigia and Renou, Louis},
	Date-Added = {2016-09-20 13:00:08 +0000},
	Date-Modified = {2016-09-20 13:12:30 +0000},
	Publisher = {Maisonneuve},
	Series = {Publications de l'Institut de Civilisation Indienne},
	Title = {Dictionnaire sanskrit-fran{\c c}ais},
	Year = {1932}}

@article{Witzel1974,
	Author = {Witzel, Michael},
	Date-Added = {2015-02-04 15:11:24 +0000},
	Date-Modified = {2015-02-04 15:13:00 +0000},
	Journal = {Vishveshvaranand Indological Journal},
	Pages = {472-508},
	Title = {On some unknown systems of marking the {Vedic} accents},
	Volume = {XII (Vishvabandhu Commemoration Volume)},
	Year = {1974}}

@book{Whitney1889,
	Address = {Leipzig},
	Author = {Whitney, William Dwight},
	Date-Added = {2015-02-04 15:04:13 +0000},
	Date-Modified = {2015-02-04 15:08:39 +0000},
	Publisher = {Breitkopf und H{\"a}rtel},
	Title = {A {Sanskrit} Grammar},
	Year = {1889}}

@article{Whitney1869,
	Author = {Whitney, William Dwight},
	Date-Added = {2015-02-04 15:02:20 +0000},
	Date-Modified = {2015-02-04 15:47:07 +0000},
	Journal = {Transactions of the American Philological Association 1869-1896},
	Title = {On the Nature and Designation of the Accent in {Sanskrit}},
	Volume = {1},
	Year = {1869-1870}}

@book{Weber1849,
	Address = {Berlin},
	Author = {Weber, Albrecht},
	Date-Added = {2015-02-04 14:51:38 +0000},
	Date-Modified = {2015-02-04 14:55:21 +0000},
	Publisher = {D{\"u}mmler},
	Series = {The {White} {Yajurveda} 2},
	Title = {The {{\c C}atapatha}-{Br{\^a}hma{\d n}a} in the {M{\^a}dhyandina}-{{\c C}{\^a}kh{\^a}}},
	Year = {1849}}

@book{sch,
	Address = {Leipzig},
	Author = {Schmidt, Richard},
	Date-Added = {2015-02-04 14:48:40 +0000},
	Date-Modified = {2015-02-04 14:55:21 +0000},
	Publisher = {Harrassowitz},
	Title = {Nachtr{\"a}ge zum {Sanskrit}-{W{\"o}rterbuch}: in k{\"u}rzerer {Fassung} von {Otto} {B{\"o}htlingk}},
	Year = {1928}}

@book{ScharfHyman2011,
	Address = {Providence},
	Author = {Scharf, Peter M. and Hyman, Malcolm D.},
	Date-Added = {2015-02-04 14:37:35 +0000},
	Date-Modified = {2016-09-20 13:25:42 +0000},
	Publisher = {The Sanskrit Library},
	Title = {Linguistic Issues in Encoding {Sanskrit}},
	Url = {sanskrit1.ccv.brown.edu/tomcat/sl/-/pub/lies_sl.pdf},
	Year = {2011},
	Bdsk-Url-1 = {sanskrit1.ccv.brown.edu/tomcat/sl/-/pub/lies_sl.pdf}}

@book{Scharf2007,
	Address = {Providence},
	Author = {Scharf, Peter M.},
	Date-Added = {2015-02-04 14:32:04 +0000},
	Date-Modified = {2015-02-04 14:34:29 +0000},
	Publisher = {The Sanskrit Library},
	Title = {The various methods of marking accent employed in {Vedic} Literature: Notes translated and adapted from {Yudhi{\d s}{\d t}hira} {M{\=\i}m{\=a}{\.m}saka}'s {Hindi}-language work},
	Url = {http://sanskrit1.ccv.brown.edu/VedicUnicode/passages/PassagesYudhisthiraMimamsakaSvarV.pdf},
	Year = {2007},
	Bdsk-Url-1 = {http://sanskrit1.ccv.brown.edu/VedicUnicode/passages/PassagesYudhisthiraMimamsakaSvarV.pdf}}

@article{Kiparsky1973,
	Author = {Kiparsky, Paul},
	Date-Added = {2015-02-04 14:10:59 +0000},
	Date-Modified = {2015-02-04 14:30:49 +0000},
	Journal = {Language},
	Pages = {794-849},
	Title = {The Inflectional Accent in {Indo}-{European}},
	Volume = {49},
	Year = {1973}}

@book{Lubotsky1988,
	Address = {Leiden},
	Author = {Lubotsky, Alexander M.},
	Date-Added = {2015-02-04 14:05:21 +0000},
	Date-Modified = {2015-02-04 14:13:46 +0000},
	Publisher = {Brill},
	Title = {The System of Nominal Accentuation in {Sanskrit} and {Proto}-{Indo}-{European}},
	Year = {1988}}

@book{mw,
	Address = {Oxford},
	Author = {Monier-Williams, Monier},
	Date-Added = {2015-02-04 14:01:58 +0000},
	Date-Modified = {2015-02-04 14:02:50 +0000},
	Publisher = {Clarendon},
	Title = {A {Sanskrit}-{English} Dictionary, New Edition.},
	Year = {1899}}

@book{mw72,
	Address = {Oxford},
	Author = {Monier-Williams, Monier},
	Date-Added = {2015-02-04 13:59:56 +0000},
	Date-Modified = {2015-02-04 14:01:10 +0000},
	Publisher = {Clarendon},
	Title = {A {Sanskrit}-{English} dictionary},
	Year = {1872}}

@book{MYV1964,
	Address = {Ajmer},
	Author = {M{\=\i}m{\=a}{\.m}saka, Yudhi{\d s}{\d t}hira Vikrama},
	Date-Added = {2015-02-04 13:58:04 +0000},
	Date-Modified = {2015-02-04 13:59:37 +0000},
	Publisher = {Bh{\=a}rat{\=\i}ya Pr{\=a}cyavidy{\=a} Prat{\d s}{\d t}h{\=a}na},
	Title = {Vaidika-v{\=a}{\.n}maya me{\.m} prayukta vividha svar{\=a}{\.n}kana prak{\=a}ra},
	Year = {1964}}

@book{Macdonnell1916,
	Address = {Oxford},
	Author = {Macdonnell, Arthur Anthony},
	Date-Added = {2015-02-04 13:52:11 +0000},
	Date-Modified = {2015-02-04 13:53:30 +0000},
	Publisher = {Clarendon},
	Title = {A {Vedic} Grammar for Students},
	Year = {1916}}

@book{md,
	Address = {London},
	Author = {Macdonnell, Arthur Anthony},
	Date-Added = {2015-02-04 13:45:27 +0000},
	Date-Modified = {2015-02-04 13:48:49 +0000},
	Publisher = {Longmans},
	Title = {A {Sanskrit}-{English} {Dictionary}},
	Year = {1893}}

@webpage{KappMalten1997,
	Author = {Kapp, Dieter and Malten, Thomas},
	Date-Added = {2015-02-04 13:42:13 +0000},
	Date-Modified = {2015-02-04 13:46:56 +0000},
	Title = {Report on the Cologne Sanskrit Dictionary Project.},
	Url = {http://www.sanskrit-lexicon.uni-koeln.de/CDSL.pdf},
	Year = {1997},
	Bdsk-Url-1 = {http://www.sanskrit-lexicon.uni-koeln.de/CDSL.pdf}}

@book{Howard1986,
	Address = {Delhi},
	Author = {Howard, Wayne},
	Date-Added = {2015-02-04 13:38:50 +0000},
	Date-Modified = {2015-02-04 13:40:31 +0000},
	Publisher = {Motilal Banarsidass},
	Title = {Veda recitation in {Varanasi}},
	Year = {1986}}

@article{Hoffmann1956,
	Author = {Hoffmann, Karl},
	Date-Added = {2015-02-04 13:30:30 +0000},
	Date-Modified = {2015-02-04 13:34:25 +0000},
	Journal = {M{\"u}nchener Studien zur Sprachwissenschaft},
	Pages = {5-24},
	Title = {Notizen zu Wackernagel-Debrunner, Altindische Grammatik II.2},
	Volume = {8},
	Year = {1956}}

@book{gra,
	Address = {Leipzig},
	Author = {Grassmann, Hermann},
	Date-Added = {2015-02-04 13:19:19 +0000},
	Date-Modified = {2015-02-04 13:23:12 +0000},
	Publisher = {Brockhaus},
	Title = {{W{\"o}rterbuch} zum {Rig}-{Veda}},
	Year = {1873}}

@webpage{markingMonier,
	Author = {Funderburk, Jim and Thomas Malten},
	Date-Added = {2015-02-04 13:16:07 +0000},
	Date-Modified = {2015-02-04 13:18:02 +0000},
	Title = {Marking Monier: Current state of digitized Monier- Williams Dictionary.},
	Url = {http://www.sanskrit-lexicon.uni-koeln.de/talkMay2008/markingMonier.html},
	Year = {2008},
	Bdsk-Url-1 = {http://www.sanskrit-lexicon.uni-koeln.de/talkMay2008/markingMonier.html}}

@webpage{EversonScharf2007,
	Author = {Everson, Michael and Scharf, Peter},
	Date-Added = {2015-02-04 10:02:23 +0000},
	Date-Modified = {2015-02-04 10:22:11 +0000},
	Title = {Revised proposal to encode characters for {Vedic} {Sanskrit} in the {BMP} of the {UCS}},
	Url = {http://www.unicode.org/~emuller/southasia/vedic/07230-n3290-vedic.pdf},
	Year = {2007},
	Bdsk-Url-1 = {http://www.unicode.org/~emuller/southasia/vedic/07230-n3290-vedic.pdf}}

@book{cae,
	Address = {Stra{\ss}burg},
	Author = {Cappeler, Carl},
	Date-Added = {2015-02-04 10:01:19 +0000},
	Date-Modified = {2015-02-04 10:02:04 +0000},
	Publisher = {Tr{\"u}bner},
	Title = {{Sanskrit}-{English} Dictionary},
	Year = {1891}}

@book{ccs,
	Address = {Stra{\ss}burg},
	Author = {Cappeler, Carl},
	Date-Added = {2015-02-04 09:58:27 +0000},
	Date-Modified = {2015-02-04 10:00:54 +0000},
	Publisher = {Tr{\"u}bner},
	Title = {{Sanskrit-W{\"o}rterbuch}},
	Year = {1887}}

@book{BruecknerZeller2007,
	Address = {Wiesbaden},
	Date-Added = {2015-02-04 09:25:09 +0000},
	Date-Modified = {2015-02-04 09:54:48 +0000},
	Editor = {Br{\"u}ckner, Heidrun and Zeller, Gabriele and Stache-Weiske, Agnes},
	Publisher = {Harrassowitz},
	Title = {{Otto} {B{\"o}htlingk} an {Rudolf} {Roth} : {Briefe} zum {Petersburger} {W{\"o}rterbuch} 1852-1885},
	Year = {2007}}

@book{pwg,
	Address = {St.~Petersburg},
	Author = {B{\"o}htlingk, Otto von and Roth, Rudolf},
	Date-Added = {2015-02-04 09:13:20 +0000},
	Date-Modified = {2015-02-04 09:55:15 +0000},
	Publisher = {Kaiserliche Akademie der Wissenschaften},
	Title = {{Sanskrit-W{\"o}rterbuch}},
	Year = {1855-1875}}

@book{pw,
	Address = {St.~Petersburg},
	Author = {B{\"o}htlingk, Otto von},
	Date-Added = {2015-02-04 08:53:11 +0000},
	Date-Modified = {2015-02-04 10:01:15 +0000},
	Publisher = {Kaiserliche Akademie der Wissenschaften},
	Title = {{Sanskrit-W{\"o}rterbuch} in k{\"u}rzerer {Fassung}},
	Year = {1879-1889}}
